
@article{1,
  title={Two-beam operation of the 1.5 GeV electron-positron storage ring adone},
  author={Amman, F. and others},
  journal={Lettere Al Nuovo Cimento (1969-1970)},
  volume={1},
  number={15},
  pages={729--737},
  year={1969},
  publisher={Springer}
}

@techreport{2,
  title = {Storage ring status reports presented at the International School of Physics "Enrico
 Fermi" (Varenna)},
  year = {1969},
}

@article{3,
  title={Proceedings of the International Conference on High-Energy Accelerators},
  author={Amman, F. and Ritson, D.},
  pages={262},
  year={1961},
  publisher={Brookhaven}
}

@article{4,
  title={Theory of the alternating-gradient synchrotron},
  author={Courant, E. D. and Snyder, H. S.},
  journal={Annals of physics},
  volume={3},
  number={1},
  pages={1--48},
  year={1958},
  publisher={Elsevier}
}

@misc{5,
  title={Acc{\'e}l{\'e}rateurs Circulaires de Particules (Presses Universitaires de France, Paris, 1966)},
  author={Bruck, H.},
  year={1966},
  publisher={North-Holland, Amsterdam}
}


@misc{6,
  title={Proposal for a High-Energy Electron-Positron Colliding Beam Storage Ring},
  year={1966},
  publisher={Stanford University}
}

@article{7,
  title={Particle Accelerators},
  author={Livingston, M. and Blewett, J.},
  publisher={McGraw Hill, New York},
  year={1962}
}

@article{8,
  title={Beam Instabilities in Circular Accelerators},
  author={Courant, E.D. and others},
  journal={IEEE Trans. on Nucl. Science NS-12},
  volume={550},
  year={1965}
}

@article{9,
  title={Projet d'anneaux de collisions electron-positron d’energie maximale 3 GeV a charge d’espace compensee},
  author={Haissinski, J.},
  publisher={Ecole Normale Superieure, Orsay},
  year={1969}
}

@misc{10,
  title={Lectures at the Varenna Summer School},
  author={Pellegrini, C.}
}

@misc{11,
  title={Lectures at the Varenna Summer School},
  author={Steffen, K.}
}

@article{12,
  title={Radiation effects in circular electron accelerators},
  author={Robinson, K. W.},
  journal={Physical Review},
  volume={111},
  number={2},
  pages={373},
  year={1958},
  publisher={APS}
}

@article{13,
  title={On the classical radiation of accelerated electrons},
  author={Schwinger, J.},
  journal={Physical Review},
  volume={75},
  number={12},
  pages={1912},
  year={1949},
  publisher={APS}
}

@article{14,
  title={Synchrotron oscillations induced by radiation fluctuations},
  author={Sands, M.},
  journal={Physical Review},
  volume={97},
  number={2},
  pages={470},
  year={1955},
  publisher={APS}
}

@article{15,
  title={Brownian motion in a field of force and the diffusion model of chemical reactions},
  author={Kramers, H. A.},
  journal={Physica},
  volume={7},
  number={4},
  pages={284--304},
  year={1940},
  publisher={Elsevier}
}
